%% This BibTeX bibliography file was created using BibDesk.
%% https://bibdesk.sourceforge.io/

%% Created for Aral at 2024-01-12 15:08:46 +0300 


%% Saved with string encoding Unicode (UTF-8) 



@software{dortogul,
	author = {D{\"o}rto{\u g}ul, Aral},
	title = {{Graph Partitioner}},
	url = {https://github.com/araldortogul/CMPE492_Partitioning_Undirected_Graphs},
	bdsk-url-1 = {https://github.com/araldortogul/CMPE492_Partitioning_Undirected_Graphs}}
